<collection xmlns="http://www.loc.gov/MARC21/slim"><record><leader>00923nam  2200277   450</leader><controlfield tag="001">900</controlfield><controlfield tag="003">http://montalegre.opacnet.com/OPAC/default.aspx?ContentAreaControl=ShowRegHoldings.ascx&amp;RegNo=16662</controlfield><datafield tag="021" ind1=" " ind2=" "><subfield code="a">PT</subfield><subfield code="b">20041/88</subfield></datafield><datafield tag="095" ind1=" " ind2=" "><subfield code="a">PTBN00125177</subfield></datafield><datafield tag="100" ind1=" " ind2=" "><subfield code="a">19890404d1989    m  y0pora0103    ba</subfield></datafield><datafield tag="101" ind1="1" ind2=" "><subfield code="a">por</subfield></datafield><datafield tag="102" ind1=" " ind2=" "><subfield code="a">PT</subfield></datafield><datafield tag="105" ind1=" " ind2=" "><subfield code="a">y   z   000ay</subfield></datafield><datafield tag="200" ind1="1" ind2=" "><subfield code="a">Sede de amar</subfield><subfield code="f">Yukio Mishima</subfield><subfield code="g">trad. Maria do Rosário Sousa Guedes</subfield></datafield><datafield tag="205" ind1=" " ind2=" "><subfield code="a">2a ed</subfield></datafield><datafield tag="210" ind1=" " ind2=" "><subfield code="a">Lisboa</subfield><subfield code="c">Presença</subfield><subfield code="d">1989</subfield></datafield><datafield tag="215" ind1=" " ind2=" "><subfield code="a">159 p.</subfield><subfield code="d">21 cm</subfield></datafield><datafield tag="225" ind1="2" ind2=" "><subfield code="a">Aura</subfield><subfield code="v">6</subfield></datafield><datafield tag="304" ind1=" " ind2=" "><subfield code="a">Tít. orig. : Ai no kawaki</subfield></datafield><datafield tag="675" ind1=" " ind2=" "><subfield code="a">895.6-31 Mishima, Yukio</subfield><subfield code="v">BN</subfield><subfield code="z">por</subfield><subfield code="3">302265</subfield></datafield><datafield tag="700" ind1=" " ind2="1"><subfield code="a">Mishima</subfield><subfield code="b">Yukio</subfield><subfield code="c">pseud.</subfield><subfield code="3">41540</subfield></datafield><datafield tag="702" ind1=" " ind2="1"><subfield code="a">Guedes</subfield><subfield code="b">Maria do Rosário Sousa</subfield><subfield code="4">730</subfield><subfield code="3">30254</subfield></datafield><datafield tag="702" ind1=" " ind2="1"><subfield code="a">Lopes</subfield><subfield code="b">Anabela</subfield><subfield code="f">1944-</subfield><subfield code="4">550</subfield><subfield code="3">279245</subfield></datafield><datafield tag="801" ind1=" " ind2="0"><subfield code="a">PT</subfield><subfield code="b">Biblioteca Municipal de Montalegre</subfield><subfield code="g">RPC</subfield></datafield><datafield tag="856" ind1=" " ind2=" "><subfield code="u">locateMedia.asp?cod=20060629101013&amp;ext=jpg</subfield><subfield code="z">CAPA</subfield></datafield><datafield tag="909" ind1="&#9;" ind2=" "><subfield code="a">2</subfield></datafield><datafield tag="966" ind1=" " ind2=" "><subfield code="a">0009121</subfield><subfield code="l">BMM</subfield><subfield code="s">SCG 821 MIS sed 6</subfield></datafield><datafield tag="966" ind1=" " ind2=" "><subfield code="a">0009122</subfield><subfield code="l">BMM</subfield><subfield code="s">SCG 821 MIS sed 6</subfield></datafield></record></collection>